@article{zimran2009game,
  title={The Game of Blackjack and Analysis of Counting Cards},
  author={Zimran, Ariell and Klis, Anna and Fuster, Alejandra and Rivelli, Christopher},
  year={2009}
}

@article{crafton2020counting,
  title={Counting Cards: Exploiting Variance and Data Distributions for Robust Compute In-Memory},
  author={Crafton, Brian and Spetalnick, Samuel and Raychowdhury, Arijit},
  journal={arXiv preprint arXiv:2006.03117},
  year={2020}
}

 @article{dukeu, 
    title={Could mental math boost emotional health?}, 
    url={https://www.eurekalert.org/news-releases/820759}, 
    journal={EurekAlert!}, 
    author={DukeU}
} 

 @article{hargroves_2021, 
    title={7 surprising mental health benefits of playing card games}, 
    url={https://thetreatmentspecialist.com/benefits-of-playing-card-games/}, 
    journal={The Treatment Specialist}, 
    author={Hargroves, Philip}, 
    year={2021}, 
    month={2}
 } 

 @article{games_2018, 
    title={Why use games to teach?}, 
    url={https://serc.carleton.edu/introgeo/games/whygames.html}, 
    journal={Games}, 
    year={2018}, 
    month={5}
 } 

@misc{cnsuwo,
    title={Is playing card games good for our brain?},
    url={https://www.cnsuwo.ca/is-playing-card-games-good-for-our-brain/},
    author={University of Western Ontario Clinical Neurological Sciences}
}
