@article{crafton2020counting,
  title={Counting Cards: Exploiting Variance and Data Distributions for Robust Compute In-Memory},
  author={Crafton, Brian and Spetalnick, Samuel and Raychowdhury, Arijit},
  journal={arXiv preprint arXiv:2006.03117},
  year={2020}
}

@misc{turner_2019, 
    title={Is playing card games good for our brain?}, 
    url={https://www.cnsuwo.ca/is-playing-card-games-good-for-our-brain/}, 
    journal={Clinical Neurological Sciences}, 
    author={Turner, Ashton}, 
    year={2019},
    month={Jun}
}
@article{dukeu, 
    title={Could mental math boost emotional health?}, 
    url={https://www.eurekalert.org/news-releases/820759}, 
    journal={EurekAlert!}, 
    author={DukeU}
}
@misc{games_2018, 
    title={Why use games to teach?}, 
    url={https://serc.carleton.edu/introgeo/games/whygames.html}, 
    journal={Games}, 
    year={2018}, 
    month={May}
} 
@misc{arcada, 
    title={Adafruit Arcada Repository}, 
    url={https://github.com/adafruit/Adafruit_Arcada}
}
@misc{seesaw, 
    title={Adafruit Seesaw Repository}, 
    url={https://github.com/adafruit/Adafruit_Seesaw}
}
@article{numgen, 
    title={C library function - srand()}, 
    url={https://www.tutorialspoint.com/c_standard_library/c_function_srand.htm}, 
    website = {Tutorials Point}
}

@article{colors, 
    title = {Adding Color to Your Output From C}, 
    website = {The Urban Penguin}
}

